<?xml version="1.0" encoding="UTF-8"?><collection xmlns="http://www.loc.gov/MARC21/slim"><record><leader>00409nam--2200145-i-4500</leader><controlfield tag="001">000008767</controlfield><controlfield tag="002">20161230</controlfield><controlfield tag="005">20161230201027</controlfield><controlfield tag="008">060222s1000------------r-----000-0-eng-d</controlfield><datafield ind1=" " ind2=" " tag="080"><subfield code="a">548.5</subfield></datafield><datafield ind1=" " ind2=" " tag="100"><subfield code="a">Chaimers,Bruce</subfield></datafield><datafield ind1=" " ind2=" " tag="245"><subfield code="a">Principles of solidification</subfield></datafield><datafield ind1=" " ind2=" " tag="260"><subfield code="a">New York,John Wiley And Sons,Inc.,1964. Xiv + 319 P</subfield></datafield><datafield ind1=" " ind2=" " tag="490"><subfield code="a">Wiley Series On The Science And Technology Of Materials</subfield></datafield><datafield ind1=" " ind2=" " tag="852"><subfield code="a">3O172</subfield></datafield></record></collection>